1240 1753
290 411 984 466 Elizabeth had settled it that Mr.
242 470 982 528 Darcy would bring his sister to visit her,
242 525 985 585 the very day after her reaching Pember-
242 585 991 638 ley; and was consequently resolved not
242 639 991 695 to be out of sight of the inn the whole of
242 696 989 747 that morning. But her conclusion was
244 753 989 809 false; for on the very morning after
244 809 988 857 their own arrival at Lambton, these
250 864 984 917 visitors came. They had been walking
242 921 989 969 about the place with some of their new
242 978 991 1026 friends, and were just returned to the inn
244 1035 991 1082 to dress themselves for dining with the
244 1091 989 1139 same family, when the sound of a car-
245 1148 985 1199 riage drew them to a window, and they
244 1202 989 1253 saw a gentleman and lady in a curricle,
245 1260 991 1307 driving up the street. Elizabeth im-
245 1316 992 1371 mediately recognising the livery, guessed
248 1374 994 1421 what it meant, and imparted no small
248 1431 989 1479 degree of surprise to her relations, by
248 1485 994 1548 acquainting them with the honour which
922 1542 992 1589 she
532 169 717 220 ( 35 )
476 315 780 368 CHAPTER II.
