1240 1753
530.0 159.0 176.0 55.0 ( 38 )

245.0 241.0 742.0 45.0 humour in her face, and her manners

248.0 295.0 737.0 57.0 were perfectly unassuming and gentle.

247.0 350.0 738.0 51.0 Elizabeth, who had expected to find in

244.0 409.0 740.0 48.0 her as acute and unembarrassed an ob-

245.0 466.0 742.0 52.0 server as ever Mr. Darcy had been, was

245.0 520.0 739.0 55.0 much relieved by discerning such dif-

245.0 577.0 272.0 54.0 ferent feelings.

292.0 631.0 689.0 58.0 They had not been long together,

242.0 689.0 746.0 54.0 before Darcy told her that Bingley was

244.0 747.0 743.0 47.0 also coming to wait on her; and she had

245.0 803.0 744.0 53.0 barely time to express her satisfaction,

244.0 860.0 741.0 47.0 and prepare for such a visitor, when

244.0 914.0 741.0 55.0 Bingley's quick step was heard on the

244.0 972.0 743.0 47.0 stairs, and in a moment he entered the

242.0 1026.0 745.0 55.0 room. All Elizabeth's anger against him

244.0 1083.0 743.0 54.0 had been long done away; but, had she

242.0 1139.0 743.0 50.0 still felt any, it could hardly have stood

241.0 1196.0 740.0 55.0 its ground against the unaffected cor-

244.0 1253.0 740.0 51.0 diality with which he expressed himself,

244.0 1311.0 743.0 57.0 on seeing her again. He enquired in a

242.0 1367.0 742.0 57.0 friendly, though general way, after her

242.0 1424.0 742.0 49.0 family, and looked and spoke with the

242.0 1482.0 743.0 59.0 same good-humoured ease that he had

241.0 1542.0 197.0 44.0 ever done.

919.0 1539.0 65.0 47.0 To
